<?xml version="1.0" encoding="UTF-8"?><collection xmlns="http://www.loc.gov/MARC21/slim"><record><leader>00513nam--2200181-i-4500</leader><controlfield tag="001">000039768</controlfield><controlfield tag="002">20161230</controlfield><controlfield tag="005">20161230201042</controlfield><controlfield tag="008">060222s1000------------r-----000-0-fre-d</controlfield><datafield ind1=" " ind2=" " tag="040"><subfield code="a">IFIN-HH</subfield></datafield><datafield ind1=" " ind2=" " tag="041"><subfield code="a">fre</subfield></datafield><datafield ind1=" " ind2=" " tag="080"><subfield code="a">539.172.17(043)</subfield></datafield><datafield ind1="1" ind2=" " tag="100"><subfield code="a">Roynette,Jean-claude</subfield></datafield><datafield ind1="1" ind2="0" tag="245"><subfield code="a">Mecanisme des reactions de transfert de plusieurs nucleons entre ions lourds</subfield><subfield code="b">These</subfield><subfield code="c">Jean-claude roynette</subfield></datafield><datafield ind1=" " ind2=" " tag="260"><subfield code="a">Paris</subfield><subfield code="b">Universite</subfield><subfield code="c">1973</subfield></datafield><datafield ind1=" " ind2=" " tag="300"><subfield code="a">80 P</subfield></datafield><datafield ind1=" " ind2=" " tag="852"><subfield code="a">40394</subfield><subfield code="c">539.17</subfield></datafield><datafield ind1=" " ind2=" " tag="CAT"><subfield code="a">Sys</subfield><subfield code="c">20120611</subfield><subfield code="h">152729</subfield></datafield></record></collection>